@phdthesis{petersen2011shortest,
    title={Shortest paths and vehicle routing},
    author={Petersen, Bj{\o}rn and Pisinger, David},
    year={2011},
    school={PhD thesis}
}
